<?xml version="1.0" encoding="UTF-8"?><collection xmlns="http://www.loc.gov/MARC21/slim"><record><leader>00451nam--2200133-i-4500</leader><controlfield tag="001">000010722</controlfield><controlfield tag="002">20161230</controlfield><controlfield tag="005">20161230201028</controlfield><controlfield tag="008">060222s1000------------r-----000-0-eng-d</controlfield><datafield ind1=" " ind2=" " tag="080"><subfield code="a">621.039.84:616.006.6</subfield></datafield><datafield ind1=" " ind2=" " tag="100"><subfield code="a">Boudiere, Jean-philippe</subfield></datafield><datafield ind1=" " ind2=" " tag="245"><subfield code="a">Fermeture des pertes de substances irradiees generatrices d`orostomes, lors des cancers bucco-faciaux</subfield></datafield><datafield ind1=" " ind2=" " tag="260"><subfield code="a">Paris, Fasculte De Medicine De Paris, Pitie- Saslpetriere, 1972 34 P</subfield></datafield><datafield ind1=" " ind2=" " tag="852"><subfield code="a">38978</subfield></datafield></record></collection>